@article{ekman1967head,
  title={Head and body cues in the judgment of emotion: A reformulation},
  author={Ekman, Paul and Friesen, Wallace V},
  journal={Perceptual and motor skills},
  volume={24},
  number={3  PT 1},
  pages={711--724},
  year={1967}
}

@inproceedings{mccoll2012affect,
  title={Affect detection from body language during social HRI},
  author={McColl, Derek and Nejat, Goldie},
  booktitle={RO-MAN, 2012 IEEE},
  pages={1013--1018},
  year={2012},
  organization={IEEE}
}

@article{mehrabian1969significance,
  title={Significance of posture and position in the communication of attitude and status relationships.},
  author={Mehrabian, Albert},
  journal={Psychological Bulletin},
  volume={71},
  number={5},
  pages={359},
  year={1969},
  publisher={American Psychological Association}
}
@article{eckman2003emotions,
  title={Emotions revealed},
  author={Eckman, Paul},
  journal={St. Martinâ€™s Griffin, New York},
  year={2003}
}

@article{ekman1974detecting,
  title={Detecting deception from the body or face.},
  author={Ekman, Paul and Friesen, Wallace V},
  journal={Journal of personality and Social Psychology},
  volume={29},
  number={3},
  pages={288},
  year={1974},
  publisher={American Psychological Association}
}


@inproceedings{du20143d,
  title={3D action recognition based on limb angle model},
  author={Du, Jing and Chen, Dongfang},
  booktitle={Information Science and Technology (ICIST), 2014 4th IEEE International Conference on},
  pages={304--307},
  year={2014},
  organization={IEEE}
}
@article{ekman1974detecting,
  title={Detecting deception from the body or face.},
  author={Ekman, Paul and Friesen, Wallace V},
  journal={Journal of personality and Social Psychology},
  volume={29},
  number={3},
  pages={288},
  year={1974},
  publisher={American Psychological Association}
}

@inproceedings{singh2015edbl,
  title={EDBL-algorithm for detection and analysis of emotion using body language},
  author={Singh, Saurabh and Sharma, Vishal and Jain, Kriti and Bhall, Ravi},
  booktitle={Next Generation Computing Technologies (NGCT), 2015 1st International Conference on},
  pages={820--823},
  year={2015},
  organization={IEEE}
}

@inproceedings{singh2015edbl,
  title={EDBL-algorithm for detection and analysis of emotion using body language},
  author={Singh, Saurabh and Sharma, Vishal and Jain, Kriti and Bhall, Ravi},
  booktitle={Next Generation Computing Technologies (NGCT), 2015 1st International Conference on},
  pages={820--823},
  year={2015},
  organization={IEEE}
}
@inproceedings{wang2011learning,
  title={Learning hierarchical poselets for human parsing},
  author={Wang, Yang and Tran, Duan and Liao, Zicheng},
  booktitle={Computer Vision and Pattern Recognition (CVPR), 2011 IEEE Conference on},
  pages={1705--1712},
  year={2011},
  organization={IEEE}
}

@inproceedings{cao2017realtime,
  title={Realtime multi-person 2d pose estimation using part affinity fields},
  author={Cao, Zhe and Simon, Tomas and Wei, Shih-En and Sheikh, Yaser},
  booktitle={CVPR},
  volume={1},
  number={2},
  pages={7},
  year={2017}
}

@article{triesch2001system,
  title={A system for person-independent hand posture recognition against complex backgrounds},
  author={Triesch, Jochen and Von Der Malsburg, Christoph},
  journal={IEEE Transactions on Pattern Analysis and Machine Intelligence},
  volume={23},
  number={12},
  pages={1449--1453},
  year={2001},
  publisher={IEEE}
}

@article{singhsignificance,
  title={SIGNIFICANCE OF BODILY MOVEMENT FOR DETECTION AND ANALYSIS OF EMOTIONS: A},
  author={Singh, Saurabh and Sethi, Nidhi and Sharma, Vishal}
}